<record><leader>00000cas a22000007a 4500</leader><controlfield tag="001">23071194</controlfield><controlfield tag="008">910207c19599999mauwr ne      0    0eng d</controlfield><datafield ind1=" " ind2=" " tag="010"><subfield code="a">sn 89063484 </subfield></datafield><datafield ind1=" " ind2=" " tag="040"><subfield code="a">MGN</subfield><subfield code="b">eng</subfield><subfield code="c">MGN</subfield><subfield code="d">OCLCQ</subfield></datafield><datafield ind1=" " ind2=" " tag="042"><subfield code="a">msc</subfield></datafield><datafield ind1="0" ind2="4" tag="245"><subfield code="a">The Sun transcript.</subfield></datafield><datafield ind1=" " ind2=" " tag="260"><subfield code="a">Winthrop, Mass. :</subfield><subfield code="b">Sun Transcript Inc.</subfield></datafield><datafield ind1=" " ind2=" " tag="300"><subfield code="a">v.</subfield></datafield><datafield ind1=" " ind2=" " tag="310"><subfield code="a">Weekly</subfield></datafield><datafield ind1="0" ind2=" " tag="362"><subfield code="a">Vol. 1, no. 1 (Jan. 15, 1959)-v. 3, no. 21 (May 25, 1961) ; v. 79, no. 22 (June 1, 1961)-</subfield></datafield><datafield ind1=" " ind2=" " tag="515"><subfield code="a">Issues for Jan. 15, 1959-May 25, 1961 called also old ser., v. 79, no. 3-v. 79, no. 8; and v. 16, no. 3-v. 16, no. 8.</subfield></datafield><datafield ind1=" " ind2=" " tag="752"><subfield code="a">United States</subfield><subfield code="b">Massachusetts</subfield><subfield code="c">Suffolk</subfield><subfield code="d">Winthrop.</subfield></datafield><datafield ind1="0" ind2="4" tag="780"><subfield code="t">Sun (Winthrop, Mass.)</subfield><subfield code="w">(DLC)sn 89063481</subfield></datafield><datafield ind1="0" ind2="4" tag="780"><subfield code="t">Winthrop transcript</subfield><subfield code="w">(DLC)sn 89063483</subfield></datafield></record>